@BOOK{Smith:2012qr,
	title = {Chemistry},
	publisher = {Publisher},
	author = {Smith, J.~M. and Jones, A.~B.},
	year = {2012},
	edition = {7th},
}
@article{cook_1971,
	title={The complexity of theorem-proving procedures},
	DOI={10.1145/800157.805047},
	journal={Proceedings of the third annual ACM symposium on Theory of computing - STOC 71},
	author={Cook, Stephen A.},
	year={1971}
}
@article{gomes_kautz_sabharwal_selman_2008,
	title={Chapter 2 Satisfiability Solvers},
	DOI={10.1016/s1574-6526(07)03002-7},
	journal={Handbook of Knowledge Representation Foundations of Artificial Intelligence},
	author={Gomes, Carla P. and Kautz, Henry and Sabharwal, Ashish and Selman, Bart},
	year={2008},
	pages={89–134}}
@article{gottlieb_marchiori_rossi_2002,
	title={Evolutionary Algorithms for the Satisfiability Problem},
	volume={10},
	DOI={10.1162/106365602317301763},
	number={1},
	journal={Evolutionary Computation},
	author={Gottlieb,
	 Jens and Marchiori,
	 Elena and Rossi,
	 Claudio},
	year={2002},
	pages={35–50}}
@book{biere2009handbook,
	title={Handbook of satisfiability},
	author={Biere, Armin and Heule, Marijn and van Maaren, Hans},
	volume={185},
	year={2009},
	publisher={IOS press}
}
@inproceedings{de1989using,
	title={Using genetic algorithms to solve NP-complete problems.},
	author={De Jong, Kenneth A and Spears, William M},
	booktitle={ICGA},
	pages={124--132},
	year={1989}
}
@inproceedings{selman1994noise,
	title={Noise strategies for improving local search},
	author={Selman, Bart and Kautz, Henry A and Cohen, Bram},
	booktitle={AAAI},
	volume={94},
	pages={337--343},
	year={1994}
}

@article{Singer2000,
author={Singer,Josh and Gent,Ian P. and Smaill,Alan},
year={2000},
title={Backbone Fragility and the Local Search Cost Peak},
journal={The Journal of artificial intelligence research},
volume={12},
pages={235-270},
keywords={Computer Science, Artificial Intelligence; Technology; Computer Science; Science & Technology},
isbn={1076-9757},
language={English},
}

@inproceedings{Voss,
author={Gottlieb,Jens and Voss,Nico},
year={2000},
title={Adaptive fitness functions for the satisfiability problem},
publisher={Springer},
address={Berlin},
volume={1917},
pages={621-630},
isbn={0302-9743},
language={English},
}

@article{marchiori1999flipping,
  title={A flipping genetic algorithm for hard 3-SAT problems},
  author={Marchiori, Elena and Rossi, Claudio},
  year={1999},
  publisher={[Sl]: Morgan Kaufmann}
}

@article{lardeux2006gasat,
  title={GASAT: a genetic local search algorithm for the satisfiability problem},
  author={Lardeux, Fr{\'e}d{\'e}ric and Saubion, Fr{\'e}d{\'e}ric and Hao, Jin-Kao},
  journal={Evolutionary Computation},
  volume={14},
  number={2},
  pages={223--253},
  year={2006},
  publisher={MIT Press}
}
@article{SAO05,
author={Seitz,Sakari and Alava,Mikko and Orponen,Pekka},
year={2005},
title={Focused local search for random 3-satisfiability},
journal={Journal of statistical mechanics},
volume={2005},
number={6},
pages={P06006-115},
isbn={1742-5468},
language={English},
}