@article{cook_1971, title={The complexity of theorem-proving procedures}, DOI={10.1145/800157.805047}, journal={Proceedings of the third annual ACM symposium on Theory of computing - STOC 71}, author={Cook, Stephen A.}, year={1971}}

@article{gomes_kautz_sabharwal_selman_2008, title={Chapter 2 Satisfiability Solvers}, DOI={10.1016/s1574-6526(07)03002-7}, journal={Handbook of Knowledge Representation Foundations of Artificial Intelligence}, author={Gomes, Carla P. and Kautz, Henry and Sabharwal, Ashish and Selman, Bart}, year={2008}, pages={89–134}}

@article{gottlieb_marchiori_rossi_2002, title={Evolutionary Algorithms for the Satisfiability Problem}, volume={10}, DOI={10.1162/106365602317301763}, number={1}, journal={Evolutionary Computation}, author={Gottlieb, Jens and Marchiori, Elena and Rossi, Claudio}, year={2002}, pages={35–50}}

@article{einstein,
	author = "Albert Einstein",
	title = "{Zur Elektrodynamik bewegter K{\"o}rper}. ({German})
	[{On} the electrodynamics of moving bodies]",
	journal = "Annalen der Physik",
	volume = "322",
	number = "10",
	pages = "891--921",
	year = "1905",
	DOI = "http://dx.doi.org/10.1002/andp.19053221004",
	keywords = "physics"
}

@book{dirac,
	title = {The Principles of Quantum Mechanics},
	author = {Paul Adrien Maurice Dirac},
	isbn = {9780198520115},
	series = {International series of monographs on physics},
	year = {1981},
	publisher = {Clarendon Press},
	keywords = {physics}
}

@online{knuthwebsite,
	author = "Donald Knuth",
	title = "Knuth: Computers and Typesetting",
	url  = "http://www-cs-faculty.stanford.edu/~uno/abcde.html",
	addendum = "(accessed: 01.09.2016)",
	keywords = "latex,knuth"
}

@inbook{knuth-fa,
	author = "Donald E. Knuth",
	title = "Fundamental Algorithms",
	publisher = "Addison-Wesley",
	year = "1973",
	chapter = "1.2",
	keywords  = "knuth,programming"
}
