@article{huisman2020survey,
  title={A Survey of Deep Meta-Learning},
  author={Huisman, Mike and van Rijn, Jan N and Plaat, Aske},
  journal={arXiv preprint arXiv:2010.03522},
  year={2020}
}

@inproceedings{finn2017model,
  title={Model-agnostic meta-learning for fast adaptation of deep networks},
  author={Finn, Chelsea and Abbeel, Pieter and Levine, Sergey},
  booktitle={International Conference on Machine Learning},
  pages={1126--1135},
  year={2017},
  organization={PMLR}
}