@inproceedings{wang2010don,
  title={Don't follow me: Spam detection in twitter},
  author={Wang, Alex Hai},
  booktitle={2010 international conference on security and cryptography (SECRYPT)},
  pages={1--10},
  year={2010},
  organization={IEEE}
}

@inproceedings{wang2010detecting,
  title={Detecting spam bots in online social networking sites: a machine learning approach},
  author={Wang, Alex Hai},
  booktitle={IFIP Annual Conference on Data and Applications Security and Privacy},
  pages={335--342},
  year={2010},
  organization={Springer}
}

